<?xml version="1.0" encoding="UTF-8" standalone="no"?>
<record xmlns="http://www.loc.gov/MARC21/slim">
    <leader>00000cam a2200000Ia 4500</leader>
    <controlfield tag="001">650761621</controlfield>
    <controlfield tag="008">100614s2010    mx a   g b    001 0bspa d</controlfield>
    <datafield ind1=" " ind2=" " tag="040">
      <subfield code="a">STF</subfield>
      <subfield code="b">eng</subfield>
      <subfield code="c">STF</subfield>
      <subfield code="d">NOC</subfield>
      <subfield code="d">LNQ</subfield>
      <subfield code="d">OCLCA</subfield>
      <subfield code="d">OCLCQ</subfield>
      <subfield code="d">PIT</subfield>
      <subfield code="d">I5B</subfield>
      <subfield code="d">UKMGB</subfield>
      <subfield code="d">LTP</subfield>
      <subfield code="d">BDX</subfield>
      <subfield code="d">OCLCO</subfield>
      <subfield code="d">OCLCQ</subfield>
    </datafield>
    <datafield ind1="7" ind2=" " tag="016">
      <subfield code="a">015728329</subfield>
      <subfield code="2">Uk</subfield>
    </datafield>
    <datafield ind1=" " ind2=" " tag="019">
      <subfield code="a">793432687</subfield>
    </datafield>
    <datafield ind1=" " ind2=" " tag="020">
      <subfield code="a">9786074211542</subfield>
    </datafield>
    <datafield ind1=" " ind2=" " tag="020">
      <subfield code="a">607421154X</subfield>
    </datafield>
    <datafield ind1=" " ind2=" " tag="043">
      <subfield code="a">n-mx---</subfield>
      <subfield code="a">n-us---</subfield>
    </datafield>
    <datafield ind1=" " ind2="4" tag="050">
      <subfield code="a">HQ1462.5.A75</subfield>
      <subfield code="b">C36 2010</subfield>
    </datafield>
    <datafield ind1=" " ind2="4" tag="050">
      <subfield code="a">F1234.A74</subfield>
      <subfield code="b">C36 2010</subfield>
    </datafield>
    <datafield ind1="0" ind2="4" tag="082">
      <subfield code="a">305.4092</subfield>
      <subfield code="a">B</subfield>
      <subfield code="2">22</subfield>
    </datafield>
    <datafield ind1="1" ind2=" " tag="100">
      <subfield code="a">Cano, Gabriela.</subfield>
    </datafield>
    <datafield ind1="1" ind2="0" tag="245">
      <subfield code="a">Se llamaba Elena Arizmendi /</subfield>
      <subfield code="c">Gabriela Cano.</subfield>
    </datafield>
    <datafield ind1=" " ind2=" " tag="250">
      <subfield code="a">1. ed.</subfield>
    </datafield>
    <datafield ind1=" " ind2=" " tag="260">
      <subfield code="a">México, D.F. :</subfield>
      <subfield code="b">Tusquets Editores,</subfield>
      <subfield code="c">2010.</subfield>
    </datafield>
    <datafield ind1=" " ind2=" " tag="300">
      <subfield code="a">259 pages :</subfield>
      <subfield code="b">illustrations ;</subfield>
      <subfield code="c">21 cm.</subfield>
    </datafield>
    <datafield ind1=" " ind2=" " tag="336">
      <subfield code="a">text</subfield>
      <subfield code="b">txt</subfield>
      <subfield code="2">rdacontent</subfield>
    </datafield>
    <datafield ind1=" " ind2=" " tag="337">
      <subfield code="a">unmediated</subfield>
      <subfield code="b">n</subfield>
      <subfield code="2">rdamedia</subfield>
    </datafield>
    <datafield ind1=" " ind2=" " tag="338">
      <subfield code="a">volume</subfield>
      <subfield code="b">nc</subfield>
      <subfield code="2">rdacarrier</subfield>
    </datafield>
    <datafield ind1="1" ind2=" " tag="490">
      <subfield code="a">Colección Centenarios ;</subfield>
      <subfield code="v">8</subfield>
    </datafield>
    <datafield ind1="1" ind2=" " tag="490">
      <subfield code="a">Tiempo de memoria. Biografía</subfield>
    </datafield>
    <datafield ind1=" " ind2=" " tag="504">
      <subfield code="a">Includes bibliographical references (pages 243-253) and index.</subfield>
    </datafield>
    <datafield ind1="0" ind2=" " tag="505">
      <subfield code="a">La bella Adriana -- El linaje liberal : Oaxaca -- Reacomodos familiares : Chilpancingo -- Vocación de servicio : San Antonio -- El ángel de la batalla : Ciudad Juárez -- Los embates de la Revolución : Ciudad de México -- El acicate de la pasión : aquí y allí -- Forjarse una habitación propia : Nueva York -- Acariciar el sueño feminista : Baltimore -- Por mi raza hablarán las mujeres : América hispana -- Regreso a casa : México.</subfield>
    </datafield>
    <datafield ind1=" " ind2=" " tag="520">
      <subfield code="a">"Quien es Elena Arizmendi? En el plano de la ficcion es Adriana, la hechicera erotica mas famosa de la literatura mexicana, el apasionado personaje que enciende los libros autobiograficos de Jose Vasconcelos. En la vida real fue eso, la amante de Vasconcelos, y mucho mas que eso: una compleja y controvertida mujer, pionera del feminismo hispanoamericano y fundadora de importantes instituciones de enfermeria durante la Revolucion mexicana, que atraveso decisivamente a la primera mitad del siglo XX. Adorada e infamada por sus contemporaneos, revolucionaria en Mexico y vanguardista durante su prolongado exilio en Nueva York, Elena Arizmendi (1884-1949) espero a lo largo de decadas la biografia que le hiciera plena jusitica. Esa hora al fin ha llegado: este libro, escrito a la vez con rigor y empatia, rescata a esta entranable mujer de entre la misoginia de nuestra historia y le restituye el cuerpo que la literatura alguna vez le mutilo. Una merecida reaparicion historica. Un necesario acercamiento a esa otra historia de Mexico."</subfield>
    </datafield>
    <datafield ind1="1" ind2="0" tag="600">
      <subfield code="a">Arizmendi, Elena,</subfield>
      <subfield code="d">1884-1949.</subfield>
    </datafield>
    <datafield ind1=" " ind2="0" tag="650">
      <subfield code="a">Feminists</subfield>
      <subfield code="z">Mexico</subfield>
      <subfield code="v">Biography.</subfield>
    </datafield>
    <datafield ind1=" " ind2="0" tag="650">
      <subfield code="a">Authors, Mexican</subfield>
      <subfield code="y">20th century</subfield>
      <subfield code="v">Biography.</subfield>
    </datafield>
    <datafield ind1=" " ind2="0" tag="651">
      <subfield code="a">Mexico</subfield>
      <subfield code="x">History</subfield>
      <subfield code="y">Revolution, 1910-1920</subfield>
      <subfield code="x">Medical care.</subfield>
    </datafield>
    <datafield ind1=" " ind2="0" tag="650">
      <subfield code="a">Nursing services</subfield>
      <subfield code="z">Mexico.</subfield>
    </datafield>
    <datafield ind1=" " ind2="7" tag="650">
      <subfield code="a">Arizmendi, Elena,</subfield>
      <subfield code="d">1884-1949.</subfield>
      <subfield code="2">bidex</subfield>
    </datafield>
    <datafield ind1=" " ind2="7" tag="650">
      <subfield code="a">Feministas</subfield>
      <subfield code="z">México</subfield>
      <subfield code="v">Biografía.</subfield>
      <subfield code="2">bidex</subfield>
    </datafield>
    <datafield ind1=" " ind2="7" tag="650">
      <subfield code="a">Autoras mexicanas</subfield>
      <subfield code="y">Siglo XX</subfield>
      <subfield code="v">Biografía.</subfield>
      <subfield code="2">bidex</subfield>
    </datafield>
    <datafield ind1=" " ind2="7" tag="650">
      <subfield code="a">México</subfield>
      <subfield code="x">Historia</subfield>
      <subfield code="y">Revolución, 1910-1920</subfield>
      <subfield code="x">Atención médica.</subfield>
      <subfield code="2">bidex</subfield>
    </datafield>
    <datafield ind1=" " ind2="7" tag="650">
      <subfield code="a">Enfermería</subfield>
      <subfield code="z">México.</subfield>
      <subfield code="2">bidex</subfield>
    </datafield>
    <datafield ind1=" " ind2=" " tag="653">
      <subfield code="a">Mexico</subfield>
      <subfield code="a">Biography</subfield>
      <subfield code="a">19th-20th century</subfield>
    </datafield>
    <datafield ind1=" " ind2="0" tag="830">
      <subfield code="a">Colección centenarios (Tusquets Editores) ;</subfield>
      <subfield code="v">8.</subfield>
    </datafield>
    <datafield ind1=" " ind2="0" tag="830">
      <subfield code="a">Tiempo de memoria.</subfield>
      <subfield code="p">Biografía.</subfield>
    </datafield>
    <datafield ind1=" " ind2=" " tag="938">
      <subfield code="a">Brodart</subfield>
      <subfield code="b">BROD</subfield>
      <subfield code="n">11810165</subfield>
      <subfield code="c">$43.95</subfield>
    </datafield>
    <datafield ind1=" " ind2=" " tag="938">
      <subfield code="a">Iberbook International S.L.</subfield>
      <subfield code="b">IBER</subfield>
      <subfield code="n">IB 100003712</subfield>
      <subfield code="c">USD64,72</subfield>
    </datafield>
  </record>
